% Encoding: UTF-8

@Online{Olah2015,
    author  = {Olah, Christopher},
    title   = {Understanding LSTM Networks},
    year    = {2015},
    url     = {https://colah.github.io/posts/2015-08-Understanding-LSTMs/},
    urldate = {2020-05-26},
}

@Online{Pandas2020,
    author  = {Pandas},
    title   = {About page},
    year    = {2020},
    url     = {https://pandas.pydata.org/about/},
    urldate = {2020-05-26},
}

@Online{SciPy2019,
    author  = {SciPy},
    title   = {Docs},
    year    = {2019},
    url     = {https://docs.scipy.org/doc/scipy/reference/index.html},
    urldate = {2020-05-26},
}

@Online{Matplotlib2020,
    author  = {Matplotlib},
    title   = {About page},
    year    = {2020},
    url     = {https://matplotlib.org/},
    urldate = {2020-05-26},
}

@Online{Numpy2020,
    author  = {Numpy},
    title   = {About page},
    year    = {2020},
    url     = {https://numpy.org/about/},
    urldate = {2020-05-26},
}

@Online{Python2020,
  author  = {Datetime Python},
  title   = {Python Documentation},
  year    = {2020},
  url     = {https://docs.python.org/2/library/datetime.html},
  urldate = {2020-05-26},
}

@Online{Tran2019,
    author  = {Nhan Tran},
    title   = {Machine Learning: Polynomial Regression with Python},
    year    = {2019},
    url     = {https://towardsdatascience.com/machine-learning-polynomial-regression-with-python-5328e4e8a386},
    urldate = {2020-05-27},
}

@Online{Datetime2020,
    author  = {Datetime Python},
    title   = {Machine Learning: Polynomial Regression with Python},
    year    = {2019},
    url     = {https://towardsdatascience.com/machine-learning-polynomial-regression-with-python-5328e4e8a386},
    urldate = {2020-05-27},
}

@Online{Keras2020,
    author  = {Keras},
    title   = {The Sequential class},
    year    = {2020},
    url     = {https://keras.io/api/models/sequential/},
    urldate = {2020-05-26},
}


@Online{Brownlee2018b,
    author  = {Brownlee, Jason},
    title   = {How to Develop LSTM Models for Time Series Forecasting},
    year    = {2018},
    url     = {https://machinelearningmastery.com/how-to-develop-lstm-models-for-time-series-forecasting/},
    urldate = {2020-05-20},
}

@ARTICLE{Decorte2019,
    author = {Johan Decorte, Sabine De Vreese},
    title = {Machine learning with PYTHON},
    year = {2019}
}

@ARTICLE{Lievens2018,
    author = {Lievens, Stijn},
    title = {Artificiële Intelligentie, lesnota's HOGENT},
    year = {2018}
}

@ARTICLE{Lievens2018a,
    author  = {Lievens, Stijn},
    title   = {Artificiële Intelligentie, lesnota's HOGENT},
    year    = {2018},
    pages   = {"147--149"}
}

@ARTICLE{Pant2018,
    author  = {Pant, Ayush},
    title   = {Introduction to Linear Regression and Polynomial Regression},
    year    = {2019},
    url     = {https://towardsdatascience.com/introduction-to-linear-regression-and-polynomial-regression-f8adc96f31cb},
    urldate = {2020-11-24}
}

@ARTICLE{Kenton2020,
    author  = {Kenton, Will},
    title   = {Multiple Linear Regression (MLR)},
    year    = {2020},
    url     = {https://www.investopedia.com/terms/m/mlr.asp},
    urldate = {2020-11-24}
}

@ARTICLE{Liu2017,
    author  = {Liu, Danqing},
    title   = {A Practical Guide to ReLU},
    year    = {2020},
    url     = {https://medium.com/@danqing/a-practical-guide-to-relu-b83ca804f1f7},
    urldate = {2020-11-24}
}

@ARTICLE{Srinivasan2019,
    author  = {Srinivasan, Aishwarya V},
    title   = {Stochastic Gradient Descent — Clearly Explained !!},
    year    = {2019},
    url     = {https://towardsdatascience.com/stochastic-gradient-descent-clearly-explained-53d239905d31},
    urldate = {2020-11-24}
}

@ARTICLE{Brownlee2017,
    author  = {Brownlee, Jason},
    title   = {Gentle Introduction to the Adam Optimization Algorithm for Deep Learning},
    year    = {2017},
    url     = {https://machinelearningmastery.com/adam-optimization-algorithm-for-deep-learning/},
    urldate = {2020-11-24}
}

@ARTICLE{Brownlee2017a,
    author  = {Brownlee, Jason},
    title   = {Encoder-Decoder Long Short-Term Memory Networks},
    year    = {2017},
    url     = {https://machinelearningmastery.com/encoder-decoder-long-short-term-memory-networks/},
    urldate = {2020-11-24}
}

@ARTICLE{Brownlee2017b,
    author  = {Brownlee, Jason},
    title   = {Stacked Long Short-Term Memory Networks},
    year    = {2017},
    url     = {https://machinelearningmastery.com/stacked-long-short-term-memory-networks/#:~:text=A%20Stacked%20LSTM%20architecture%20can,for%20all%20input%20time%20steps.},
    urldate = {2020-12-1}
}

@ARTICLE{Brownlee2018,
    author  = {Brownlee, Jason},
    title   = {11 Classical Time Series Forecasting Methods in Python (Cheat Sheet)},
    year    = {2018},
    url     = {https://machinelearningmastery.com/time-series-forecasting-methods-in-python-cheat-sheet/},
    urldate = {2020-11-24}
}

@ARTICLE{Brownlee2018a,
    author  = {Brownlee, Jason},
    title   = {A Gentle Introduction to SARIMA for Time Series Forecasting in Python},
    year    = {2018},
    url     = {https://machinelearningmastery.com/sarima-for-time-series-forecasting-in-python/},
    urldate = {2020-11-24}
}

@ARTICLE{Brownlee2017a,
    author  = {Brownlee, Jason},
    title   = {How to Develop a Bidirectional LSTM For Sequence Classification in Python with Keras},
    year    = {2017},
    url     = {https://machinelearningmastery.com/develop-bidirectional-lstm-sequence-classification-python-keras/},
    urldate = {2020-11-24}
}

 @online{Starmer2019,
    title = {Gradient Descent, Step-by-Step},
    date = {2019},
    organization = {Youtube},
    author = {Josh Starmer},
    url = {https://www.youtube.com/watch?v=sDv4f4s2SB8&ab_channel=StatQuestwithJoshStarmer}
} 

@online{Starmer2018,
    title = {StatQuest: Logistic Regression},
    date = {2018},
    organization = {Youtube},
    author = {Josh Starmer},
    url = {https://www.youtube.com/watch?v=yIYKR4sgzI8&ab_channel=StatQuestwithJoshStarmer}
}

@online{Brown2020,
    title   = {Least Squares — the Gory Details},
    date    = {2020},
    author  = {Stan Brown},
    url     = {https://brownmath.com/stat/leastsq.htm},
    urldate = {26-11-20}
}

@online{Swaminathan2018,
    title   = {Logistic Regression — Detailed Overview},
    date    = {2018},
    author  = {Saishruthi Swaminathan},
    url     = {https://towardsdatascience.com/logistic-regression-detailed-overview-46c4da4303bc},
    urldate = {26-11-20}
}

@online{Hyndman2018,
    title   = {Forecasting: Principles and Practice},
    date    = {2018},
    author  = {Rob J Hyndman, George Athanasopoulos},
    url     = {https://otexts.com/fpp2/},
    urldate = {27-11-20}
}

@online{Salvi2019,
    title   = {Significance of ACF and PACF Plots in Time Series Analysis},
    date    = {2019},
    author  = {Jayesh Salvi},
    url     = {https://towardsdatascience.com/significance-of-acf-and-pacf-plots-in-time-series-analysis-2fa11a5d10a8},
    urldate = {27-11-20}
}

@online{Brownlee2017c,
    title   = {A Gentle Introduction to Long Short-Term Memory Networks by the Experts},
    date    = {2017},
    author  = {Jason Brownlee},
    url     = {https://machinelearningmastery.com/gentle-introduction-long-short-term-memory-networks-experts/},
    urldate = {30-11-20}
}

@article{Rahman2019,
    title   = {Deep Learning using Convolutional LSTM estimates Biological Age from Physical Activity},
    date    = {2019},
    author  = {Syed Ashiqur Rahman, Donald A. Adjeroh },
    url     = {https://www.nature.com/articles/s41598-019-46850-0},
    urldate = {1-12-20},
    year    = {2019}
}

@online{Nau2020,
    title   = {Introduction to ARIMA: nonseasonal models},
    date    = {2020},
    author  = {Robert Lau},
    url     = {https://people.duke.edu/~rnau/411arim.htm},
    urldate = {2-12-20}
}

@online{Prophet2020,
    title   = {Forecasting at scale.},
    year    = {2020},
    url     = {https://facebook.github.io/prophet/},
    urldate = {6-12-20}
}

@online{Kampakis2020,
    title   = {Performance measures: RMSE and MAE
    },
    year    = {2020},
    url     = {https://thedatascientist.com/performance-measures-rmse-mae/},
    urldate = {6-12-20},
    author  = {Stylianos Kampakis}
}

@online{Shrivastava2020,
    title   = {Cross Validation in Time Series},
    year    = {2020},
    url     = {https://medium.com/@soumyachess1496/cross-validation-in-time-series-566ae4981ce4},
    urldate = {8-12-20},
    author  = {Soumya Shrivastava}
}

@online{Sinha2019,
    title   = {LINEAR REGRESSION,LEAST-SQUARES REGRESSION,OUTLIERS AND INFLUENTIAL OBSERVATIONS,RESIDUALS,LURKING VARIABLES,EXTRAPOLATION},
    year    = {2019},
    url     = {https://cafepharmablog.wordpress.com/2019/02/20/linear-regressionleast-squares-regressionoutliers-and-influential-observationsresidualslurking-variablesextrapolation/},
    urldate = {11-12-20},
    author  = {Preetam Sinha}
}

@online{Kaggle2018,
    url     = {https://www.kaggle.com/rainbowgirl/climate-data-toronto-19372018},
    urldate = {12-12-20}
}

@online{NSIDC2020,
    url     = {https://nsidc.org/arcticseaicenews/sea-ice-tools/},
    urldate = {12-12-20}
}





@Comment{jabref-meta: databaseType:biblatex;}
