% Encoding: UTF-8
@ARTICLE{Doll1954,
    author = {Doll, Richard and Hill, A Bradford},
    title = {The mortality of doctors in relation to their smoking habits: a preliminary
    report},
    journal = {British Medical Journal},
    year = {1954},
    volume = {328},
    pages = {1529-1533},
    number = {7455},
    owner = {jbuy519},
    timestamp = {2014.03.28}
}

@BOOK{Moore2002,
    title = {Introduction to the Practice of Statistics},
    publisher = {W. H. Freeman},
    year = {2002},
    author = {Moore, David and McCabe, George},
    owner = {jbuy519},
    timestamp = {2014.01.28}
}

@BOOK{Smits2011,
    title = {Onderzoek met SPSS en Excel},
    publisher = {Pearson Education},
    year = {2011},
    author = {Smits, Johan and Edens, Ronald},
    owner = {jbuy519},
    timestamp = {2014.01.23}
}

@INPROCEEDINGS{Cortes95support-vectornetworks,
    author = {Corinna Cortes and Vladimir Vapnik},
    title = {Support-Vector Networks},
    booktitle = {Machine Learning},
    year = {1995},
    pages = {273--297}
}

@ARTICLE{Friedman1999,
    author = {Jerome H. Friedman},
    title = {Stochastic Gradient Boosting},
    timestamp = {1999.03.26},
    year = {1999},
    pages = {10}
}


@online{Kaggle,
    author = {Alphabet Inc.},
    title = {Kaggle Website},
    year = {2010},
    url = {https://www.kaggle.com/},
    urldate = {2020-02-13}
}

@ARTICLE{DecorteDeVreese2019,
    author = {"Decorte, Johan and De Vreese, Sabine"},
    title = {"Machine learning with Python"},
    year = {2019}
}

@online{Kaggle,
    author = {belga},
    title = {Zweden kan evengoed groepsÂ­immuniteit vergeten},
    year = {2020},
    url = {https://www.standaard.be/cnt/dmf20200522_04968706},
    urldate = {2020-05-28}
}

@online{Brownlee2018,
    author = {J. Brownlee},
    title = {11 Classical Time Series Forecasting Methods in Python (Cheat Sheet)},
    year = {2018},
    url = {https://machinelearningmastery.com/time-series-forecasting-methods-in-python-cheat-sheet/},
    urldate = {2020-06-29}
}

@INPROCEEDINGS{Siami-Namini2018,
    author={S. {Siami-Namini} and N. {Tavakoli} and A. {Siami Namin}},
    booktitle={2018 17th IEEE International Conference on Machine Learning and Applications (ICMLA)}, 
    title={A Comparison of ARIMA and LSTM in Forecasting Time Series}, 
    year={2018},
    volume={},
    number={},
    pages={1394-1401},
    %https://ieeexplore.ieee.org/abstract/document/8614252
}


@Comment{jabref-meta: databaseType:bibtex;}
